@techreport{PoPRV4,
author = {Palmiotti, G. and Hill, R. and Wade, D.},
file = {:home/fitze/Documents/Mendeley/Palmiotti, Hill, Wade\_1995\_Physics of Plutonium Recycling.PDF:PDF},
institution = {Nuclear Energy Agency},
title = {{Physics of Plutonium Recycling}},
volume = {IV},
year = {1995}
}
